@inproceedings{zaheer+17deepsets,
    author = {Zaheer, Manzil and Kottur, Satwik and Ravanbakhsh, Siamak and Poczos, Barnabas and Salakhutdinov, Russ R and Smola, Alexander J},
 booktitle = {Advances in Neural Information Processing Systems},
    editor = {I. Guyon and U. Von Luxburg and S. Bengio and H. Wallach and R. Fergus and S. Vishwanathan and R. Garnett},
     pages = {},
 publisher = {Curran Associates, Inc.},
     title = {Deep Sets},
       url = {https://proceedings.neurips.cc/paper_files/paper/2017/file/f22e4747da1aa27e363d86d40ff442fe-Paper.pdf},
    volume = {30},
      year = {2017}
}

@article{baker1885a,
 ISSN = {0003486X, 19398980},
 URL = {http://www.jstor.org/stable/1967384},
 author = {Marcus Baker},
 journal = {Annals of Mathematics},
 number = {6},
 pages = {134--138},
 publisher = {[Annals of Mathematics, Trustees of Princeton University on Behalf of the Annals of Mathematics, Mathematics Department, Princeton University]},
 title = {A Collection of Formulæ for the Area of a Plane Triangle},
 urldate = {2025-03-05},
 volume = {1},
 year = {1885}
}

@article{baker1885b,
 ISSN = {0003486X, 19398980},
 URL = {http://www.jstor.org/stable/1967393},
 author = {Marcus Baker},
 journal = {Annals of Mathematics},
 number = {1},
 pages = {11--18},
 publisher = {[Annals of Mathematics, Trustees of Princeton University on Behalf of the Annals of Mathematics, Mathematics Department, Princeton University]},
 title = {A Collection of Formulæ for the Area of a Plane Triangle},
 urldate = {2025-03-05},
 volume = {2},
 year = {1885}
}

@article{guo2020pointclouds,
  title={Deep learning for 3d point clouds: A survey},
  author={Guo, Yulan and Wang, Hanyun and Hu, Qingyong and Liu, Hao and Liu, Li and Bennamoun, Mohammed},
  journal={IEEE transactions on pattern analysis and machine intelligence},
  volume={43},
  number={12},
  pages={4338--4364},
  year={2020},
  publisher={IEEE}
}